@article{fu2006gradient,
  title={Gradient estimation},
  author={Fu, Michael C},
  journal={Handbooks in operations research and management science},
  volume={13},
  pages={575--616},
  year={2006},
  publisher={Elsevier}
}

@incollection{williams1992simple,
  title={Simple statistical gradient-following algorithms for connectionist reinforcement learning},
  author={Williams, Ronald J},
  booktitle={Reinforcement Learning},
  pages={5--32},
  year={1992},
  publisher={Springer}
}

@article{glynn1990likelihood,
  title={Likelihood ratio gradient estimation for stochastic systems},
  author={Glynn, Peter W},
  journal={Communications of the ACM},
  volume={33},
  number={10},
  pages={75--84},
  year={1990},
  publisher={ACM}
}

@article{greensmith2004variance,
  title={Variance reduction techniques for gradient estimates in reinforcement learning},
  author={Greensmith, Evan and Bartlett, Peter L and Baxter, Jonathan},
  journal={Journal of Machine Learning Research},
  volume={5},
  number={Nov},
  pages={1471--1530},
  year={2004}
}

@article{mnih2014neural,
  title={Neural variational inference and learning in belief networks},
  author={Mnih, Andriy and Gregor, Karol},
  journal={ICML},
  year={2014}
}

@article{maddison2016concrete,
  title={The concrete distribution: A continuous relaxation of discrete random variables},
  author={Maddison, Chris J and Mnih, Andriy and Teh, Yee Whye},
  journal={ICLR},
  year={2017}
}

@article{jang2016categorical,
  title={Categorical reparameterization with gumbel-softmax},
  author={Jang, Eric and Gu, Shixiang and Poole, Ben},
  journal={ICLR},
  year={2017}
}

@article{gregor2013deep,
  title={Deep autoregressive networks},
  author={Gregor, Karol and Danihelka, Ivo and Mnih, Andriy and Blundell, Charles and Wierstra, Daan},
  journal={ICML},
  year={2014}
}

@article{gu2015muprop,
  title={MuProp: Unbiased backpropagation for stochastic neural networks},
  author={Gu, Shixiang and Levine, Sergey and Sutskever, Ilya and Mnih, Andriy},
  journal={ICLR},
  year={2016}
}

@article{mnih2016variational,
  title={Variational inference for monte carlo objectives},
  author={Mnih, Andriy and Rezende, Danilo J},
  journal={ICML},
  year={2016}
}